@article{caldwell1996demography,
  title={Demography and social science},
  author={Caldwell, John C},
  journal={Population Studies},
  volume={50},
  number={3},
  pages={305--333},
  year={1996},
  publisher={Taylor \& Francis}
}
@article{preston1993contours,
  title={The contours of demography: Estimates and projections},
  author={Preston, Samuel H},
  journal={Demography},
  volume={30},
  number={4},
  pages={593--606},
  year={1993},
  publisher={Springer}
}
@article{shriver2003population,
  title={Population in literature},
  author={Shriver, Lionel},
  journal={Population and Development Review},
  volume={29},
  number={2},
  pages={153--162},
  year={2003},
  publisher={Wiley Online Library}
}
@article{crimmins1993demography,
  title={Demography: The past 30 years, the present, and the future},
  author={Crimmins, Eileen M},
  journal={Demography},
  volume={30},
  number={4},
  pages={579--591},
  year={1993},
  publisher={Springer}
}
@misc{welti1997demografia,
  title={Demograf{\'\i}a, PROLAP-IIS UNAM},
  author={Welti, Carlos},
  year={1997},
  publisher={M{\'e}xico}
}
@article{poirier1999trente,
  title={Trente ans de recherche explicative en d{\'e}mographie. R{\'e}flexions autour des dangers du cloisonnement},
  author={Poirier, Jean and Piche, Victor},
  journal={Th{\'e}ories, paradigmes et courants explicatifs en d{\'e}mographie (Chaire Quetelet 1997), Louvain/Paris, Academia-Bruylant/Lâ€™Harmattan},
  pages={41--64},
  year={1999}
}
@article{keyfitz1993thirty,
  title={Thirty years of demography and Demography},
  author={Keyfitz, Nathan},
  journal={Demography},
  volume={30},
  number={4},
  pages={533--549},
  year={1993},
  publisher={Springer}
}
@article{coale1996development,
  title={The development and use of demographic models},
  author={Coale, Ansley and Trussell, James},
  journal={Population studies},
  volume={50},
  number={3},
  pages={469--484},
  year={1996},
  publisher={Taylor \& Francis}
}
@article{greene2000absent,
  title={Absent and problematic men: Demographic accounts of male reproductive roles},
  author={Greene, Margaret E and Biddlecom, Ann E},
  journal={Population and development review},
  volume={26},
  number={1},
  pages={81--115},
  year={2000},
  publisher={Wiley Online Library}
}
@article{wilmoth1992population,
  title={The population debate in American popular magazines, 1946-90},
  author={Wilmoth, John R and Ball, Patrick},
  journal={The Population and Development Review},
  pages={631--668},
  year={1992},
  publisher={JSTOR}
}
@article{presser1997demography,
  title={Demography, feminism, and the science-policy nexus},
  author={Presser, Harriet B},
  journal={Population and Development Review},
  pages={295--331},
  year={1997},
  publisher={JSTOR}
}
@article{moffitt2005remarks,
  title={Remarks on the analysis of causal relationships in population research},
  author={Moffitt, Robert},
  journal={Demography},
  volume={42},
  number={1},
  pages={91--108},
  year={2005},
  publisher={Springer}
}
@article{watkins1993if,
  title={If all we knew about women was what we read in Demography, what would we know?},
  author={Watkins, Susan Cotts},
  journal={Demography},
  volume={30},
  number={4},
  pages={551--577},
  year={1993},
  publisher={Springer}
}